
@article{Frey2017,
  author            = {Frey, Carl Benedikt and Osborne, Michael A.},
  title             = {The future of employment: How susceptible are jobs to computerisation?},
  year              = {2017},
  journal           = {Technological Forecasting and Social Change},
  volume            = {114},
  pages             = {254 – 280},
  doi               = {10.1016/j.techfore.2016.08.019},
  url               = {https://www.scopus.com/inward/record.uri?eid=2-s2.0-84999828423&doi=10.1016%2fj.techfore.2016.08.019&partnerID=40&md5=a950b9f738f71d1e5f8dea1137344af3},
  type              = {Article},
  publication_stage = {Final},
  source            = {Scopus},
  note              = {Cited by: 1838; All Open Access, Green Open Access}
}

@article{Kolade2022,
  author            = {Kolade, Oluwaseun and Owoseni, Adebowale},
  title             = {Employment 5.0: The work of the future and the future of work},
  year              = {2022},
  journal           = {Technology in Society},
  volume            = {71},
  doi               = {10.1016/j.techsoc.2022.102086},
  url               = {https://www.scopus.com/inward/record.uri?eid=2-s2.0-85136526262&doi=10.1016%2fj.techsoc.2022.102086&partnerID=40&md5=c8e6831d1f3dd5bc14fa5293b50d0dd9},
  type              = {Article},
  publication_stage = {Final},
  source            = {Scopus},
  note              = {Cited by: 0; All Open Access, Green Open Access, Hybrid Gold Open Access}
}


@article{Nguyen2022,
  author            = {Nguyen, Quoc Phu and Vo, Duc Hong},
  title             = {Artificial intelligence and unemployment:An international evidence},
  year              = {2022},
  journal           = {Structural Change and Economic Dynamics},
  volume            = {63},
  pages             = {40 – 55},
  doi               = {10.1016/j.strueco.2022.09.003},
  url               = {https://www.scopus.com/inward/record.uri?eid=2-s2.0-85137603837&doi=10.1016%2fj.strueco.2022.09.003&partnerID=40&md5=b28c84f64482513bd05a12acc3026a34},
  type              = {Article},
  publication_stage = {Final},
  source            = {Scopus},
  note              = {Cited by: 0}
}

@article{Huang2018,
  author            = {Huang, Ming-Hui and Rust, Roland T.},
  title             = {Artificial Intelligence in Service},
  year              = {2018},
  journal           = {Journal of Service Research},
  volume            = {21},
  number            = {2},
  pages             = {155 – 172},
  doi               = {10.1177/1094670517752459},
  url               = {https://www.scopus.com/inward/record.uri?eid=2-s2.0-85041406987&doi=10.1177%2f1094670517752459&partnerID=40&md5=8976ab64c2f47e5c149dacfb64f7488f},
  type              = {Article},
  publication_stage = {Final},
  source            = {Scopus},
  note              = {Cited by: 723}
}

@article{Arogyaswamy2020,
  author            = {Arogyaswamy, Bernard},
  title             = {Big tech and societal sustainability: an ethical framework},
  year              = {2020},
  journal           = {AI and Society},
  volume            = {35},
  number            = {4},
  pages             = {829 – 840},
  doi               = {10.1007/s00146-020-00956-6},
  url               = {https://www.scopus.com/inward/record.uri?eid=2-s2.0-85083837337&doi=10.1007%2fs00146-020-00956-6&partnerID=40&md5=c019357a82c75d64bcf7690ef4f2d5b4},
  type              = {Article},
  publication_stage = {Final},
  source            = {Scopus},
  note              = {Cited by: 6; All Open Access, Bronze Open Access, Green Open Access}
}

@article{Wirtz2018,
  author            = {Wirtz, Jochen and Patterson, Paul G. and Kunz, Werner H. and Gruber, Thorsten and Lu, Vinh Nhat and Paluch, Stefanie and Martins, Antje},
  title             = {Brave new world: service robots in the frontline},
  year              = {2018},
  journal           = {Journal of Service Management},
  volume            = {29},
  number            = {5},
  pages             = {907 – 931},
  doi               = {10.1108/JOSM-04-2018-0119},
  url               = {https://www.scopus.com/inward/record.uri?eid=2-s2.0-85054004996&doi=10.1108%2fJOSM-04-2018-0119&partnerID=40&md5=d3172184ab97b2e604549175c25bfd05},
  type              = {Article},
  publication_stage = {Final},
  source            = {Scopus},
  note              = {Cited by: 558; All Open Access, Green Open Access, Hybrid Gold Open Access}
}

@article{Makridakis2017,
  author            = {Makridakis, Spyros},
  title             = {The forthcoming Artificial Intelligence (AI) revolution: Its impact on society and firms},
  year              = {2017},
  journal           = {Futures},
  volume            = {90},
  pages             = {46 – 60},
  doi               = {10.1016/j.futures.2017.03.006},
  url               = {https://www.scopus.com/inward/record.uri?eid=2-s2.0-85018991558&doi=10.1016%2fj.futures.2017.03.006&partnerID=40&md5=64f8b4f4a101e1369420922787ac7748},
  type              = {Review},
  publication_stage = {Final},
  source            = {Scopus},
  note              = {Cited by: 472}
}

@article{Gravina2022,
  author            = {Gravina, Antonio Francesco and Pappalardo, Maria Rosaria},
  title             = {Are robots in rich countries a threat for employment in emerging economies?},
  year              = {2022},
  journal           = {Economics Letters},
  volume            = {221},
  doi               = {10.1016/j.econlet.2022.110888},
  url               = {https://www.scopus.com/inward/record.uri?eid=2-s2.0-85140883926&doi=10.1016%2fj.econlet.2022.110888&partnerID=40&md5=cbf31017d5ee93efb66dd3a69f2d91fc},
  type              = {Article},
  publication_stage = {Final},
  source            = {Scopus},
  note              = {Cited by: 0}
}

@article{Willcocks2020,
  author            = {Willcocks, Leslie},
  title             = {Robo-Apocalypse cancelled? Reframing the automation and future of work debate},
  year              = {2020},
  journal           = {Journal of Information Technology},
  volume            = {35},
  number            = {4},
  pages             = {286 – 302},
  doi               = {10.1177/0268396220925830},
  url               = {https://www.scopus.com/inward/record.uri?eid=2-s2.0-85086321093&doi=10.1177%2f0268396220925830&partnerID=40&md5=5899a3103d29ab67bf234c6a7e88ceae},
  type              = {Review},
  publication_stage = {Final},
  source            = {Scopus},
  note              = {Cited by: 32; All Open Access, Bronze Open Access}
}

@article{Kaplan2020,
  author            = {Kaplan, Andreas and Haenlein, Michael},
  title             = {Rulers of the world, unite! The challenges and opportunities of artificial intelligence},
  year              = {2020},
  journal           = {Business Horizons},
  volume            = {63},
  number            = {1},
  pages             = {37 – 50},
  doi               = {10.1016/j.bushor.2019.09.003},
  url               = {https://www.scopus.com/inward/record.uri?eid=2-s2.0-85073998760&doi=10.1016%2fj.bushor.2019.09.003&partnerID=40&md5=88e97bf401a478d2a8f7039d2022b94b},
  type              = {Article},
  publication_stage = {Final},
  source            = {Scopus},
  note              = {Cited by: 106}
}

@article{Puntoni2021,
  author            = {Puntoni, Stefano and Reczek, Rebecca Walker and Giesler, Markus and Botti, Simona},
  title             = {Consumers and Artificial Intelligence: An Experiential Perspective},
  year              = {2021},
  journal           = {Journal of Marketing},
  volume            = {85},
  number            = {1},
  pages             = {131 – 151},
  doi               = {10.1177/0022242920953847},
  url               = {https://www.scopus.com/inward/record.uri?eid=2-s2.0-85092484981&doi=10.1177%2f0022242920953847&partnerID=40&md5=107a42ad8920fd6d4e0063c41fbe9857},
  type              = {Article},
  publication_stage = {Final},
  source            = {Scopus},
  note              = {Cited by: 117; All Open Access, Green Open Access}
}

@article{Trivedi201991,
  author            = {Trivedi, Jay},
  title             = {Examining the Customer Experience of Using Banking Chatbots and Its Impact on Brand Love: The Moderating Role of Perceived Risk},
  year              = {2019},
  journal           = {Journal of Internet Commerce},
  volume            = {18},
  number            = {1},
  pages             = {91 – 111},
  doi               = {10.1080/15332861.2019.1567188},
  url               = {https://www.scopus.com/inward/record.uri?eid=2-s2.0-85061302759&doi=10.1080%2f15332861.2019.1567188&partnerID=40&md5=bbb2421c149f0c2351331aad42a6a538},
  type              = {Article},
  publication_stage = {Final},
  source            = {Scopus},
  note              = {Cited by: 80}
}

